<?xml version="1.0" encoding="UTF-8"?>
<record>
  <leader>01687nas a2200541 c 4500</leader>
  <controlfield tag="005">20230501191607.0</controlfield>
  <controlfield tag="007">tu</controlfield>
  <controlfield tag="008">991121c19919999gw z||p|  ||| 0||||1ger c</controlfield>
  <controlfield tag="003">DE-605</controlfield>
  <controlfield tag="001">990055981810206441</controlfield>
  <datafield tag="015" ind1=" " ind2=" ">
    <subfield code="a">92,A27,0772</subfield>
    <subfield code="2">dnb</subfield>
  </datafield>
  <datafield tag="016" ind1="7" ind2=" ">
    <subfield code="a">1089874-8</subfield>
    <subfield code="2">DE-600</subfield>
  </datafield>
  <datafield tag="016" ind1="7" ind2=" ">
    <subfield code="a">01620476X</subfield>
    <subfield code="2">DE-101</subfield>
  </datafield>
  <datafield tag="022" ind1=" " ind2=" ">
    <subfield code="a">0940-5453</subfield>
  </datafield>
  <datafield tag="022" ind1=" " ind2=" ">
    <subfield code="a">0940-5453</subfield>
    <subfield code="2">6</subfield>
  </datafield>
  <datafield tag="035" ind1=" " ind2=" ">
    <subfield code="a">(DE-599)ZDB1089874-8</subfield>
  </datafield>
  <datafield tag="035" ind1=" " ind2=" ">
    <subfield code="a">(OCoLC)724554237</subfield>
  </datafield>
  <datafield tag="035" ind1=" " ind2=" ">
    <subfield code="a">(DE-600)1089874-8</subfield>
  </datafield>
  <datafield tag="035" ind1=" " ind2=" ">
    <subfield code="a">(DE-101)01620476X</subfield>
  </datafield>
  <datafield tag="040" ind1=" " ind2=" ">
    <subfield code="a">9001</subfield>
    <subfield code="b">ger</subfield>
    <subfield code="c">DE-101</subfield>
    <subfield code="d">9001</subfield>
  </datafield>
  <datafield tag="041" ind1=" " ind2=" ">
    <subfield code="a">ger</subfield>
  </datafield>
  <datafield tag="044" ind1=" " ind2=" ">
    <subfield code="c">XA-DE</subfield>
  </datafield>
  <datafield tag="084" ind1=" " ind2=" ">
    <subfield code="a">61</subfield>
    <subfield code="a">63</subfield>
    <subfield code="a">900</subfield>
    <subfield code="a">910</subfield>
    <subfield code="a">914.3</subfield>
    <subfield code="q">DE-101</subfield>
    <subfield code="2">sdnb</subfield>
  </datafield>
  <datafield tag="084" ind1=" " ind2=" ">
    <subfield code="a">Bochum</subfield>
    <subfield code="0">https://nwbib.de/spatial#Q2103</subfield>
    <subfield code="2">nwbib</subfield>
  </datafield>
  <datafield tag="084" ind1=" " ind2=" ">
    <subfield code="a">Geschichte</subfield>
    <subfield code="0">https://nwbib.de/subjects#N240000</subfield>
    <subfield code="2">nwbib</subfield>
  </datafield>
  <datafield tag="084" ind1=" " ind2=" ">
    <subfield code="a">Landesbeschreibungen</subfield>
    <subfield code="0">https://nwbib.de/subjects#N102000</subfield>
    <subfield code="2">nwbib</subfield>
  </datafield>
  <datafield tag="084" ind1=" " ind2=" ">
    <subfield code="a">060</subfield>
    <subfield code="q">DE-600</subfield>
    <subfield code="2">sdnb</subfield>
  </datafield>
  <datafield tag="222" ind1=" " ind2="0">
    <subfield code="a">Bochumer Zeitpunkte</subfield>
  </datafield>
  <datafield tag="245" ind1="0" ind2="0">
    <subfield code="a">Bochumer Zeitpunkte</subfield>
    <subfield code="b">Beiträge zur Stadtgeschichte, Heimatkunde und Denkmalpflege</subfield>
    <subfield code="c">Hrsg.: Kortum-Gesellschaft Bochum e.V.</subfield>
  </datafield>
  <datafield tag="264" ind1="3" ind2="1">
    <subfield code="a">Bochum</subfield>
    <subfield code="b">Kortum-Gesellschaft Bochum</subfield>
    <subfield code="c">1991-</subfield>
  </datafield>
  <datafield tag="264" ind1=" " ind2="1">
    <subfield code="a">Bochum</subfield>
    <subfield code="b">Kracht</subfield>
    <subfield code="c">1991-[?]</subfield>
  </datafield>
  <datafield tag="300" ind1=" " ind2=" ">
    <subfield code="c">30 cm</subfield>
  </datafield>
  <datafield tag="336" ind1=" " ind2=" ">
    <subfield code="b">txt</subfield>
  </datafield>
  <datafield tag="337" ind1=" " ind2=" ">
    <subfield code="b">n</subfield>
  </datafield>
  <datafield tag="338" ind1=" " ind2=" ">
    <subfield code="b">nc</subfield>
  </datafield>
  <datafield tag="362" ind1="0" ind2=" ">
    <subfield code="a">1.1991 -</subfield>
  </datafield>
  <datafield tag="363" ind1="0" ind2="1">
    <subfield code="8">1.1\x</subfield>
    <subfield code="a">1</subfield>
    <subfield code="i">1991</subfield>
  </datafield>
  <datafield tag="689" ind1="0" ind2="0">
    <subfield code="a">Bochum</subfield>
    <subfield code="D">g</subfield>
    <subfield code="0">(DE-588)4007328-2</subfield>
  </datafield>
  <datafield tag="689" ind1="0" ind2="1">
    <subfield code="a">Geschichte</subfield>
    <subfield code="A">z</subfield>
  </datafield>
  <datafield tag="689" ind1="0" ind2="2">
    <subfield code="a">Zeitschrift</subfield>
    <subfield code="A">f</subfield>
  </datafield>
  <datafield tag="689" ind1="0" ind2=" ">
    <subfield code="5">DE-600</subfield>
    <subfield code="5">DE-600</subfield>
  </datafield>
  <datafield tag="689" ind1="1" ind2="0">
    <subfield code="a">Bochum</subfield>
    <subfield code="D">g</subfield>
    <subfield code="0">(DE-588)4007328-2</subfield>
  </datafield>
  <datafield tag="689" ind1="1" ind2="1">
    <subfield code="a">Heimatkunde</subfield>
    <subfield code="D">s</subfield>
    <subfield code="0">(DE-588)4127794-6</subfield>
  </datafield>
  <datafield tag="689" ind1="1" ind2="2">
    <subfield code="a">Zeitschrift</subfield>
    <subfield code="A">f</subfield>
  </datafield>
  <datafield tag="689" ind1="1" ind2=" ">
    <subfield code="5">DE-600</subfield>
    <subfield code="5">DE-600</subfield>
  </datafield>
  <datafield tag="960" ind1="1" ind2=" ">
    <subfield code="n">NWBib-Zeitschrift-6</subfield>
  </datafield>
  <datafield tag="648" ind1=" " ind2="7">
    <subfield code="a">Geschichte</subfield>
    <subfield code="9">rswk-swf</subfield>
    <subfield code="2">gnd</subfield>
  </datafield>
  <datafield tag="655" ind1=" " ind2="7">
    <subfield code="a">Zeitschrift</subfield>
    <subfield code="0">(DE-588)4067488-5</subfield>
    <subfield code="2">gnd-content</subfield>
  </datafield>
  <datafield tag="MBD" ind1=" " ind2=" ">
    <subfield code="M">49HBZ_NETWORK</subfield>
    <subfield code="i">990055981810206441</subfield>
    <subfield code="n">HBZ Network</subfield>
  </datafield>
  <datafield tag="MNG" ind1=" " ind2=" ">
    <subfield code="c">System</subfield>
    <subfield code="f">ZDB</subfield>
    <subfield code="i">marc21</subfield>
    <subfield code="h">20221031145845.0</subfield>
    <subfield code="k">01</subfield>
    <subfield code="e">false</subfield>
    <subfield code="d">2023-05-30 20:30:09 Europe/Berlin</subfield>
    <subfield code="g">005598181-HBZ01</subfield>
    <subfield code="j">90</subfield>
    <subfield code="a">import</subfield>
    <subfield code="b">2021-04-06 00:15:16 Europe/Berlin</subfield>
  </datafield>
</record>
